@online{wikibib,
  author = {Wikipedia},
  title = {{LaTeX} Bibliography Management},
  year = 2014,
  url = {http://en.wikibooks.org/wiki/LaTeX/Bibliography_Management}
}

@online{wikialg,
  author = {Wikipedia},
  title = {{LaTeX} Algorithms},
  year = 2014,
  url = {http://en.wikibooks.org/wiki/LaTeX/Algorithms}
}

