@online{wikibib,
  author = {Wikipedia},
  title = {{LaTeX} Bibliography Management},
  year = 2014,
  url = {http://en.wikibooks.org/wiki/LaTeX/Bibliography_Management}
} 
