@online{wikibib,
  author = {Wikipedia},
  title = {{LaTeX} Bibliography Management},
  year = 2014,
  url = {http://en.wikibooks.org/wiki/LaTeX/Bibliography_Management}
}


@book{sweetser2008emergence,
  title={Emergence in games},
  author={Sweetser, Penny},
  year={2008},
  publisher={Cengage Learning}
}

@article{article,
  author  = {Primero, Autor and Segundo, Autor},
  title   = {The title of the work},
  journal = {The name of the journal},
  year    = 1993,
  number  = 2,
  pages   = {201-213},
  month   = 7,
  volume  = 4
}
