
%% Created for Juan Rada at 2007-10-08 02:27:25 -0400 


%% Saved with string encoding Western (Windows Latin 1) 



@inproceedings{laumanns2001:effects,
	Address = {London, UK},
	Author = {Marco Laumanns and Eckart Zitzler and Lothar Thiele},
	Booktitle = {EMO '01: Proceedings of the First International Conference on Evolutionary Multi-Criterion Optimization},
	Date-Added = {2007-09-25 00:50:25 -0400},
	Date-Modified = {2007-09-25 00:50:44 -0400},
	Isbn = {3-540-41745-1},
	Pages = {181--196},
	Publisher = {Springer-Verlag},
	Title = {On the Effects of Archiving, Elitism, and Density Based Selection in Evolutionary Multi-objective Optimization},
	Year = {2001}}

@inproceedings{selvanathan2003:ospf,
	Author = {N. Selvanathan and Wee Jing Tee},
	Booktitle = {Malaysian Journal of Computer Science},
	Date-Added = {2007-09-19 01:35:29 -0400},
	Date-Modified = {2007-09-22 20:37:17 -0400},
	Pages = {58-67},
	Title = {A Genetic Algorithm Solution To Solve The Shortest Path Problem In OSPF and MPLS},
	Volume = {16},
	Year = {2003}}

@inproceedings{parma2007:animat-aco,
	Author = {Rubén Parma and Juan Rada and Wilmer Pereira},
	Booktitle = {10th International Conference on Computer Games: AI, Animation, Mobile, Educational \& Serious Games},
	Date-Added = {2007-09-17 01:51:30 -0400},
	Date-Modified = {2007-10-08 02:27:22 -0400},
	Pages = {44-49},
	Title = {Ant Colony Optimization Applied To An Autonomous Multiagent Game},
	Year = {2007}}

@inproceedings{spea2:zlt2002a,
	Author = {E. Zitzler and M. Laumanns and L. Thiele},
	Booktitle = {Evolutionary Methods for Design, Optimisation and Control with Application to Industrial Problems (EUROGEN 2001)},
	Date-Added = {2007-09-15 20:41:40 -0400},
	Date-Modified = {2007-09-15 20:44:46 -0400},
	Editor = {K.C. Giannakoglou and others},
	Pages = {95--100},
	Publisher = {International Center for Numerical Methods in Engineering (CIMNE)},
	Title = {{SPEA2: Improving the Strength Pareto Evolutionary Algorithm for Multiobjective Optimization}},
	Year = {2002}}
